@misc{highway-env,
  author = {Leurent, Edouard},
  title = {An Environment for Autonomous Driving Decision-Making},
  year = {2018},
  publisher = {GitHub},
  journal = {GitHub repository},
  howpublished = {\url{https://github.com/eleurent/highway-env}},
}
@misc{code,
    author = {Michele Sprocatti} ,
    title = {Reinforcement learning agent for highway environment},
    year = {2025},
    journal = {Github repository},
    howpublished = {\url{https://github.com/Sproc01/highway_RL_agent}}
}
@article{DuelDeepQNetwork,
  author       = {Ziyu Wang and
                  Nando de Freitas and
                  Marc Lanctot},
  title        = {Dueling Network Architectures for Deep Reinforcement Learning},
  journal      = {CoRR},
  volume       = {abs/1511.06581},
  year         = {2015},
  url          = {http://arxiv.org/abs/1511.06581},
  eprinttype    = {arXiv},
  eprint       = {1511.06581},
  timestamp    = {Mon, 13 Aug 2018 16:48:17 +0200},
  biburl       = {https://dblp.org/rec/journals/corr/WangFL15.bib},
  bibsource    = {dblp computer science bibliography, https://dblp.org}
}

@article{PPO,
  author       = {John Schulman and
                  Filip Wolski and
                  Prafulla Dhariwal and
                  Alec Radford and
                  Oleg Klimov},
  title        = {Proximal Policy Optimization Algorithms},
  journal      = {CoRR},
  volume       = {abs/1707.06347},
  year         = {2017},
  url          = {http://arxiv.org/abs/1707.06347},
  eprinttype    = {arXiv},
  eprint       = {1707.06347},
  timestamp    = {Mon, 13 Aug 2018 16:47:34 +0200},
  biburl       = {https://dblp.org/rec/journals/corr/SchulmanWDRK17.bib},
  bibsource    = {dblp computer science bibliography, https://dblp.org}
}

@article{DoubleDeepQNetwork,
  author       = {Hado van Hasselt and
                  Arthur Guez and
                  David Silver},
  title        = {Deep Reinforcement Learning with Double Q-learning},
  journal      = {CoRR},
  volume       = {abs/1509.06461},
  year         = {2015},
  url          = {http://arxiv.org/abs/1509.06461},
  eprinttype    = {arXiv},
  eprint       = {1509.06461},
  timestamp    = {Mon, 13 Aug 2018 16:47:32 +0200},
  biburl       = {https://dblp.org/rec/journals/corr/HasseltGS15.bib},
  bibsource    = {dblp computer science bibliography, https://dblp.org}
}

@article{TRPO,
  author       = {John Schulman and
                  Sergey Levine and
                  Philipp Moritz and
                  Michael I. Jordan and
                  Pieter Abbeel},
  title        = {Trust Region Policy Optimization},
  journal      = {CoRR},
  volume       = {abs/1502.05477},
  year         = {2015},
  url          = {http://arxiv.org/abs/1502.05477},
  eprinttype    = {arXiv},
  eprint       = {1502.05477},
  timestamp    = {Mon, 13 Aug 2018 16:48:08 +0200},
  biburl       = {https://dblp.org/rec/journals/corr/SchulmanLMJA15.bib},
  bibsource    = {dblp computer science bibliography, https://dblp.org}
}

